<record><leader>00000cas a22000007a 4500</leader><controlfield tag="001">16619588</controlfield><controlfield tag="008">870831d18761901ohuwr ne      0    0eng d</controlfield><datafield ind1=" " ind2=" " tag="010"><subfield code="a">sn 87076607 </subfield></datafield><datafield ind1=" " ind2=" " tag="040"><subfield code="a">ONP</subfield><subfield code="b">eng</subfield><subfield code="c">ONP</subfield><subfield code="d">OCLCQ</subfield></datafield><datafield ind1=" " ind2=" " tag="042"><subfield code="a">msc</subfield></datafield><datafield ind1="0" ind2=" " tag="130"><subfield code="a">Crawford County forum (Bucyrus, Ohio : 1876)</subfield></datafield><datafield ind1="1" ind2="0" tag="245"><subfield code="a">Crawford County forum.</subfield></datafield><datafield ind1=" " ind2=" " tag="260"><subfield code="a">Bucyrus, Crawford County, Ohio :</subfield><subfield code="b">J.H. Williston,</subfield><subfield code="c">1876-</subfield></datafield><datafield ind1=" " ind2=" " tag="300"><subfield code="a">v.</subfield></datafield><datafield ind1=" " ind2=" " tag="310"><subfield code="a">Weekly</subfield></datafield><datafield ind1="0" ind2=" " tag="362"><subfield code="a">Vol. 31, no. 23 (Nov. 17, 1876)-</subfield></datafield><datafield ind1="1" ind2=" " tag="362"><subfield code="a">Ceased in Oct. 1901.</subfield></datafield><datafield ind1=" " ind2=" " tag="752"><subfield code="a">United States</subfield><subfield code="b">Ohio</subfield><subfield code="c">Crawford</subfield><subfield code="d">Bucyrus.</subfield></datafield><datafield ind1="0" ind2="0" tag="780"><subfield code="t">Forum (Bucyrus, Ohio : Weekly)</subfield><subfield code="w">(DLC)sn 83035563</subfield></datafield><datafield ind1="0" ind2="7" tag="785"><subfield code="t">Crawford County news</subfield><subfield code="w">(DLC)sn 87076605</subfield></datafield><datafield ind1="0" ind2="7" tag="785"><subfield code="t">News-forum (Bucyrus, Ohio)</subfield><subfield code="w">(DLC)sn 87076604</subfield></datafield></record>